<record xmlns="http://www.loc.gov/MARC21/slim" xmlns:xsi="http://www.w3.org/2001/XMLSchema-instance" xsi:schemaLocation="http://www.loc.gov/MARC21/slim http://www.loc.gov/standards/marcxml/schema/MARC21slim.xsd"><leader>     nam a22        4500</leader><controlfield tag="001">3072222</controlfield><controlfield tag="003">NNC</controlfield><controlfield tag="006">m        d        </controlfield><controlfield tag="007">cr cn |||m|||a</controlfield><controlfield tag="008">150313q19001910ua      o     000 0 ara d</controlfield><datafield ind1=" " ind2=" " tag="040"><subfield code="a">NNU</subfield><subfield code="b">eng</subfield><subfield code="e">rda</subfield><subfield code="c">NNU</subfield></datafield><datafield ind1="1" ind2=" " tag="100"><subfield code="a">Azraqi&#772;, Ibra&#772;hi&#772;m ibn &#699;Abd al-Rah&#803;ma&#772;n ibn Abi&#772; Bakr.</subfield></datafield><datafield ind1="1" ind2="0" tag="245"><subfield code="a">Tas&#803;h&#803;i&#772;l al-mana&#772;fi&#772;&#699; fi&#772; al-t&#803;ibb wa-al-h&#803;ikmah /</subfield><subfield code="c">ta&#700;li&#772;f Ibra&#772;hi&#772;m ibn &#699;Abd al-Rah&#803;ma&#772;n ibn Abi&#772; Bakr al-Azraq. Wa-bi-ha&#772;mishihi al-T&#803;ibb al-nabawi&#772; / lil-Dhahabi&#772;.</subfield></datafield><datafield ind1=" " ind2=" " tag="260"><subfield code="a">al-Qa&#772;hirah :</subfield><subfield code="b">Maktabat wa-Mat&#803;ba&#699;at al-Mashhad al-H&#803;usayni&#772;,</subfield><subfield code="c">[19--]</subfield></datafield><datafield ind1=" " ind2=" " tag="300"><subfield code="a">online resource (203 pages)</subfield></datafield><datafield ind1=" " ind2=" " tag="336"><subfield code="a">text</subfield><subfield code="2">rdacontent</subfield></datafield><datafield ind1=" " ind2=" " tag="337"><subfield code="a">computer</subfield><subfield code="2">rdamedia</subfield></datafield><datafield ind1=" " ind2=" " tag="338"><subfield code="a">online resource</subfield><subfield code="2">rdacarrier</subfield></datafield><datafield ind1=" " ind2=" " tag="500"><subfield code="a">Part of the Arabic Collections Online (ACO) project, contributed by Columbia University Libraries.</subfield></datafield><datafield ind1=" " ind2=" " tag="533"><subfield code="a">Electronic reproduction.</subfield><subfield code="b">New York, N.Y. :</subfield><subfield code="c">New York University,</subfield><subfield code="d">2015.</subfield><subfield code="5">NNU</subfield></datafield><datafield ind1=" " ind2="0" tag="650"><subfield code="a">Medicine, Popular.</subfield></datafield><datafield ind1=" " ind2="0" tag="650"><subfield code="a">Medicine, Arab.</subfield></datafield><datafield ind1="0" ind2="0" tag="600"><subfield code="a">Muh&#803;ammad,</subfield><subfield code="c">Prophet,</subfield><subfield code="d">-632</subfield><subfield code="x">Knowledge</subfield><subfield code="x">Medicine.</subfield></datafield><datafield ind1="0" ind2="7" tag="600"><subfield code="a">Muh&#803;ammad,</subfield><subfield code="c">Prophet,</subfield><subfield code="d">-632</subfield><subfield code="2">fast</subfield><subfield code="0">(OCoLC)fst01836298</subfield></datafield><datafield ind1=" " ind2="7" tag="650"><subfield code="a">Medicine.</subfield><subfield code="2">fast</subfield><subfield code="0">(OCoLC)fst01014893</subfield></datafield><datafield ind1=" " ind2="7" tag="650"><subfield code="a">Medicine, Arab.</subfield><subfield code="2">fast</subfield><subfield code="0">(OCoLC)fst01015186</subfield></datafield><datafield ind1=" " ind2="7" tag="650"><subfield code="a">Medicine, Popular.</subfield><subfield code="2">fast</subfield><subfield code="0">(OCoLC)fst01015319</subfield></datafield><datafield ind1="1" ind2=" " tag="700"><subfield code="a">Dhahabi&#772;, Muh&#803;ammad ibn Ah&#803;mad,</subfield><subfield code="d">1274-1348.</subfield><subfield code="t">T&#803;ibb al-nabawi&#772;.</subfield></datafield><datafield ind1="2" ind2=" " tag="710"><subfield code="a">Columbia University.</subfield><subfield code="b">Libraries.</subfield></datafield><datafield ind1="0" ind2=" " tag="730"><subfield code="a">Arabic Collections Online.</subfield></datafield><datafield ind1="0" ind2="8" tag="776"><subfield code="i">Print version:</subfield><subfield code="a">Azraqi&#772;, Ibra&#772;hi&#772;m ibn &#699;Abd al-Rah&#803;ma&#772;n ibn Abi&#772; Bakr.</subfield><subfield code="t">Tas&#803;h&#803;i&#772;l al-mana&#772;fi&#772;&#699; fi&#772; al-t&#803;ibb wa-al-h&#803;ikmah</subfield><subfield code="w">(NNC)3072222</subfield><subfield code="w">(OCoLC)43265061</subfield></datafield><datafield ind1="4" ind2="0" tag="856"><subfield code="u">http://hdl.handle.net/2333.1/bk3j9ns2</subfield></datafield><datafield ind1=" " ind2=" " tag="959"><subfield code="a">NNU</subfield><subfield code="b">WEB</subfield><subfield code="c">GENI</subfield><subfield code="t">0</subfield><subfield code="m">Electronic access</subfield><subfield code="s">01</subfield></datafield><datafield ind1=" " ind2=" " tag="999"><subfield code="i">NNC_3072222</subfield><subfield code="o">(OCoLC)ocm43265061 </subfield><subfield code="s">columbia_aco000497</subfield><subfield code="e">(ERROR-880)</subfield></datafield></record>